@Comment Оставляю библиографию, чтоб было видно как оформлять. В википедии есть инфа по всем типам.

@Book{novikov,
	author =		 {Новиков Б.А., Горшкова Е.А., Графеева Н.Г.},
	title = 		 {Основы технологий баз данных: учебное пособие},
	publisher = 	 {М.: ДМК Пресс},
	pagetotal = {582},
	year = 		 {2020},
	language =     "russian"
}

@article{pogorelov,
	author =		 {Прохоренко В.В., Погорелов Д.А., Кострицкий А.С.},
	title = 		 {Сравнительный анализ времени выполнения сортировки по алгоритму Шелла, гномьей сортировки и сортировки перемешиванием},
	journal = {Инновационные аспекты развития науки и техники. сборник статей XI Международной научно-практической конференции},
	pages = {120-125},
	year = 		 {2021},
	language =     "russian"
}

@online{swift,
	title = {Документация языка Swift [Электронный ресурс]},
	url = {https://developer.apple.com/swift/},
	urldate = {15.04.2023},
	language = "russian"
}

@online{intel,
	title = {Процессор Intel Core i9 7 поколения [Электронный ресурс]},
	url = {https://ark.intel.com/content/www/ru/ru/ark/products/97539/intel-core-i57260u-processor-4m-cache-up-to-3-40-ghz.html},
	urldate = {13.04.2023},
	language = "russian"
}

@manual{xcode,
	title = {Среда разработки XCode [Электронный ресурс]},
	url = {https://developer.apple.com/xcode/},
	urldate = {01.12.2023},
	language = "russian"
}

@manual{stat,
	title = {Ranking of the most popular database management systems worldwide, as of February 2023 [Электронный ресурс]},
	url = {https://www.statista.com/statistics/809750/worldwide-popularity-ranking-database-management-systems/},
	urldate = {11.03.2023},
	language = "russian"
}

@manual{ventura,
	title = {Официальный сайт MacOS Ventura [Электронный ресурс]},
	url = {https://www.apple.com/macos/ventura/},
	urldate = {01.12.2023},
	language = "russian"
}

@manual{nginx,
	title = {Официальный сайт NGINX [Электронный ресурс]},
	url = {https://nginx.org},
	urldate = {01.12.2023},
	language = "russian"
}
